%% This BibTeX bibliography file was created using BibDesk.
%% http://bibdesk.sourceforge.net/

%% Created for Lorenz Gahn at 2016-12-02 12:35:58 -0600 


%% Saved with string encoding Unicode (UTF-8) 



@article{fifteen,
	Author = {Singal, A. et al. },
	Date-Added = {2016-12-02 18:33:11 +0000},
	Date-Modified = {2016-12-02 18:34:59 +0000},
	Journal = {American Journal of Gastroenterology },
	Month = {November},
	Pages = {1723-1730},
	Title = {Machine Learning Algorithms Outperform Conventional Regression Models in Predicting Development of Hepatocellular Carcinoma},
	Volume = {108},
	Year = {2013}}

@article{fourteen,
	Author = {Kim, D. et al},
	Date-Added = {2016-12-02 18:32:13 +0000},
	Date-Modified = {2016-12-02 18:33:10 +0000},
	Journal = {Annals of Surgery},
	Month = {January},
	Pages = {31-34},
	Title = {Tumor vascularity as a prognostic factor for hepatic tumors},
	Volume = {185},
	Year = {1977}}

@article{thirteen,
	Author = {Ypsilantis, P. et al. },
	Date-Added = {2016-12-02 18:30:30 +0000},
	Date-Modified = {2016-12-02 18:32:10 +0000},
	Journal = {PLOS One},
	Month = {September},
	Title = {Predicting Response to Neoadjuvant Chemotherapy with PET Imaging Using Convolutional Neural Networks},
	Year = {2015}}

@article{twelve,
	Author = {Clayton, T. A. et al. },
	Date-Added = {2016-12-02 18:28:48 +0000},
	Date-Modified = {2016-12-02 18:30:26 +0000},
	Journal = {Nature},
	Month = {April},
	Pages = {1073-1077},
	Title = {Pharmaco-metabonomic phenotyping and personalized drug treatment},
	Volume = {440},
	Year = {2006}}

@article{eleven,
	Author = {Esbensen, K. and Geladi, P. },
	Date-Added = {2016-12-02 18:27:24 +0000},
	Date-Modified = {2016-12-02 18:28:46 +0000},
	Journal = {Chemometrics and Intelligent Laboratory Systems},
	Number = {1-3},
	Pages = {37-52},
	Title = {Principal Component Analysis},
	Volume = {2},
	Year = {1987}}

@book{ten,
	Author = {Bramer, M. },
	Date-Added = {2016-12-02 18:25:08 +0000},
	Date-Modified = {2016-12-02 18:26:43 +0000},
	Publisher = {Springer},
	Title = {Principles of Data Mining},
	Year = {2007}}

@article{nine,
	Author = {Sweilam, N. and Tharwat, A. and Moniem, N. K. A.},
	Date-Added = {2016-12-02 18:22:44 +0000},
	Date-Modified = {2016-12-02 18:25:00 +0000},
	Journal = {Egyptian Informatics Journal},
	Number = {2},
	Pages = {81-92},
	Title = {Support vector machine for diagnosis cancer disease: A comparative study},
	Volume = {11},
	Year = {2010}}

@article{eight,
	Author = {Auria, L. and Moro, R.},
	Date-Added = {2016-12-02 18:20:59 +0000},
	Date-Modified = {2016-12-02 18:22:42 +0000},
	Journal = {Deutsches Institut f{\"u}r Wirtschaftforschung, Discussion Papers},
	Title = {Support Vector Machines (SVM) as a Technique for Solvency Analysis},
	Year = {2008}}

@book{six,
	Author = {Flach, P.},
	Date-Added = {2016-12-02 18:19:06 +0000},
	Date-Modified = {2016-12-02 18:20:57 +0000},
	Publisher = {Cambridge University Press},
	Title = {Machine Learning},
	Year = {2012}}

@article{seven,
	Author = {Cortes, C. and Vapnik, V.},
	Date-Added = {2016-12-02 18:13:48 +0000},
	Date-Modified = {2016-12-02 18:18:51 +0000},
	Journal = {Machine Learning},
	Title = {Support-vector networks},
	Year = {1995}}

@article{five,
	Author = {Curley, S. et al.},
	Date-Added = {2016-12-02 18:12:13 +0000},
	Date-Modified = {2016-12-02 18:13:21 +0000},
	Journal = {UpToDate},
	Month = {September},
	Title = {Nonsurgical therapies for localized hepatocellular carcinoma: Transarterial embolization, radiotherapy, and radioembolization},
	Year = {2016}}

@article{four,
	Author = {Llovet, J. et al. },
	Date-Added = {2016-12-02 18:06:59 +0000},
	Date-Modified = {2016-12-02 18:10:24 +0000},
	Journal = {Journal of the National Cancer Institute},
	Pages = {698-711},
	Title = {Design and Endpoints of Clinical Trials in Hepatocellular Carcinoma},
	Volume = {100},
	Year = {2008}}

@article{three,
	Author = {Abdalla, E. and Stuart, K. },
	Date-Added = {2016-12-02 18:04:47 +0000},
	Date-Modified = {2016-12-02 18:13:34 +0000},
	Journal = {UpToDate},
	Month = {April},
	Title = {Overview of treatment approaches for hepatocellular carcinoma},
	Year = {2016}}

@article{two,
	Author = {Cancer of the Liver Italian Program (CLIP)},
	Date-Added = {2016-12-02 18:02:20 +0000},
	Date-Modified = {2016-12-02 18:04:33 +0000},
	Journal = {Hepatology},
	Title = {A new prognostic system for hepatocellular carcinoma: a retrospective study of 435 patients: the Cancer of the Liver Italian Program (CLIP) investigators.},
	Year = {1998}}

@article{one,
	Author = {Chen, C. and Yang, H. and Su, J},
	Date-Added = {2016-12-02 17:56:00 +0000},
	Date-Modified = {2016-12-02 18:11:41 +0000},
	Journal = {JAMA},
	Pages = {65-73},
	Title = {Risk of Hepatocellular Carcinoma Across a Biological Gradient of Serum Hepatitis B Virus DNA Level},
	Year = {2006}}
